<record><leader>00000cas a22000007a 4500</leader><controlfield tag="001">25538990</controlfield><controlfield tag="008">920327d193419uuscuwr ne      0    0eng d</controlfield><datafield ind1=" " ind2=" " tag="010"><subfield code="a">sn 92065476 </subfield></datafield><datafield ind1=" " ind2=" " tag="040"><subfield code="a">SVN</subfield><subfield code="b">eng</subfield><subfield code="c">SVN</subfield><subfield code="d">OCLCQ</subfield></datafield><datafield ind1=" " ind2=" " tag="042"><subfield code="a">msc</subfield></datafield><datafield ind1="0" ind2=" " tag="130"><subfield code="a">Greenwood tribune (Greenwood, S.C. : 1934)</subfield></datafield><datafield ind1="1" ind2="4" tag="245"><subfield code="a">The Greenwood tribune.</subfield></datafield><datafield ind1=" " ind2=" " tag="260"><subfield code="a">Greenwood, S.C. :</subfield><subfield code="b">Tup Lucas</subfield></datafield><datafield ind1=" " ind2=" " tag="300"><subfield code="a">v.</subfield></datafield><datafield ind1=" " ind2=" " tag="310"><subfield code="a">Weekly</subfield></datafield><datafield ind1="0" ind2=" " tag="362"><subfield code="a">Vol. 1, no. 1 (July 19, 1934)-</subfield></datafield><datafield ind1=" " ind2="4" tag="651"><subfield code="a">Greenwood County (S.C.)</subfield><subfield code="v">Newspapers.</subfield></datafield><datafield ind1=" " ind2=" " tag="752"><subfield code="a">United States</subfield><subfield code="b">South Carolina</subfield><subfield code="c">Greenwood</subfield><subfield code="d">Greenwood.</subfield></datafield><datafield ind1="1" ind2=" " tag="029"><subfield code="a">AU@</subfield><subfield code="b">000020701440</subfield></datafield></record>